% !Mode:: "TeX:UTF-8"
% UTF-8 编辑器
%%%%%%%%%%%%%%%%%%%%%%%%%%%%%%%%%%%%%%%%%%%%%%%%%%%%%%%%%%%%%%%%%%%%%%%%%
%
%   LaTeX File for Doctor (Master) Thesis of Tsinghua University
%   LaTeX + CJK     清华大学博士（硕士）论文模板
%   Based on Wang Tianshu's Template for XJTU
%   Version: 1.65
%   Last Update: 2004-03-14
%
%%%%%%%%%%%%%%%%%%%%%%%%%%%%%%%%%%%%%%%%%%%%%%%%%%%%%%%%%%%%%%%%%%%%%%%%%
%   Copyright 2002-2004  by  Lei Wang (BaconChina)       (bcpub@sina.com)
%%%%%%%%%%%%%%%%%%%%%%%%%%%%%%%%%%%%%%%%%%%%%%%%%%%%%%%%%%%%%%%%%%%%%%%%%

%%%%%%%%%%%%%%%%%%%%%%%%%%%%%%%%%%%%%%%%%%%%%%%%%%%%%%%%%%%%%%%%%%%%%%%%%
%
%   LaTeX File for phd thesis of xi'an Jiao Tong University
%
%%%%%%%%%%%%%%%%%%%%%%%%%%%%%%%%%%%%%%%%%%%%%%%%%%%%%%%%%%%%%%%%%%%%%%%%%
%   Copyright 2002  by  Wang Tianshu    (tswang@asia.com)
%%%%%%%%%%%%%%%%%%%%%%%%%%%%%%%%%%%%%%%%%%%%%%%%%%%%%%%%%%%%%%%%%%%%%%%%%

%
%The bibitems are sorted by pulication date and AUTHOR name.
%


% English - LZH

@MANUAL{TESLAV100,
	AUTHOR	= 	"NVIDIA",
	TITLE	=	"NVIDIA TESLA V100 TENSOR CORE GPU",
	NOTE	=	"",
	YEAR	=	"2019",
	MONTH	=	"",
}

@MANUAL{TENSORCORE,
	AUTHOR	=	"NVIDIA",
	TITLE	=	"NVIDIA TENSOR CORES, The Next Generation of Deep Learning",
	NOTE	=	"",
	YEAR	=	"2019",
	MONTH	=	"",
}

@MANUAL{NVLINK2,
	AUTHOR	=	"NVIDIA",
	TITLE	=	"NVLINK FABRIC",
	NOTE	=	"Advancing Multi-GPU Processing",
	YEAR	=	"2019",
	MONTH	=	"",
}

@MANUAL{CUTLASS,
	AUTHOR	=	"Andrew Kerr and Duane Merrill and Julien Demouth and John Tran",
	TITLE	=	"CUTLASS: Fast Linear Algebra in CUDA C++",
	NOTE	=	"",
	YEAR	=	"2019",
	MONTH	=	"",
}

@TECHREPORT{VOLTAWHITEPAPER,
	AUTHOR	=	"NVIDIA",
	TITLE	=	"NVIDIA TESLA V100 GPU ARCHITECTURE",
	INSTITUTION	=	"NVIDIA Corp.",
	YEAR	=	"2017",
	MONTH	=	"AUG.",
	PAGES 	=	"14-15",
}

@CONFERENCE{EXASCLEDL,
	AUTHOR	=	"Thorsten Kurth and Sean Treichler and Joshua Romero and Mayur Mudigonda and Nathan Luehr and Everett Phillips and Ankur Mahesh and Michael Matheson and Jack Deslippe and  Massimiliano Fatica and Prabhat and Michael Houston",
	TITLE	=	"Exascale Deep Learning for Climate Analytics",
	BOOKTITLE	=	"Super Computing Conference",
	YEAR	=	"2018",
	MONTH	=	"NOV.",
}

@ARTICLE{MODELING,
	AUTHOR	=	"Md Aamir Raihan and Negar Goli and Tor M. Aamodt",
	TITLE	=	"Modeling Deep Learning Accelerator Enabled GPUs",
	JOURNAL	=	"CoRR",
	VOLUME	=	"abs/1811.08309",
	YEAR	=	"2018",
	URL		=	"http://arxiv.org/abs/1811.08309",
}

@ARTICLE{GRAVITATIONAL,
	AUTHOR	=	"Yohei Miki",
	TITLE	=	"Gravitational octree code performance evaluation on Volta GPU",
	JOURNAL	=	"CoRR",
	VOLUME	=	"abs/1811.02761",
	YEAR	=	"2018",
	URL		=	"http://arxiv.org/abs/1811.02761"
}

@MANUAL{JETSONNANO,
	AUTHOR	=	"NVIDIA",
	TITLE	=	"JETSON NANO, Bringing the Power of Modern AI to Millions of Devices",
	NOTE	=	"",
	YEAR	=	"2019",
	MONTH	=	"MAR.",
}

@MANUAL{CUDAX,
	AUTHOR 	=	"NVIDIA",
	TITLE	=	"NVIDIA CUDA-X AI, NVIDIA GPU-Acceleration Libraries for Data Science and AI",
	NOTE	=	"",
	YEAR	=	"2019",
	MONTH	=	"MAR.",
}

@ARTICLE{EXPLORING,
	AUTHOR 	=	"Mahmoud Khairy and Akshay Jain and Tor M. Aamodt and Timothy G. Rogers",
	TITLE	=	"Exploring Modern GPU Memory System Design Challenges through Accurate Modeling",
	JOURNAL	=	"CoRR",
	VOLUME	=	"abs/1810.07269",
	YEAR	=	"2018",
	URL		=	"http://arxiv.org/abs/1810.07269",
}

@INPROCEEDINGS{THEDESIGN,
	AUTHOR	=	"Ziyad S. Hakura and Anoop Gupta",
	TITLE	=	"The Design and Analysis of a Cache Architecture for Texture Mapping",
	BOOKTITLE	=	"Proceedings of the 24th International Symposium on Computer Architecture, Denver, Colorado, USA, June 2-4, 1997",
	PAGES	=	"108-120",
	YEAR	=	"1997",
}

@MANUAL{CUDA92,
	AUTHOR	=	"NVIDIA",
	TITLE	=	"CUDA Toolkit Documentation v9.2.148",
	NOTE	=	"",
	YEAR	=	"2018",
	MONTH	=	"MAY."
}

@BOOK{CUDAPROG,
	AUTHOR	=	"Shane Cook",
	TITLE	=	"CUDA Programming: A Developer's Guide to Parallel Computing with GPUs",
	PUBLISHER	=	"Morgan Kaufmann",
	YEAR	=	"2012",
	VPLUME	=	"6",
	PAGES	=	"99-102",
}

@MANUAL{BLOCKDIAG,
	AUTHOR	=	"NVIDIA",
	TITLE	=	"Ampere Block Diagram",
	NOTE	=	"",
	YEAR	=	"2019",
	MONTH	=	"",
}

@MANUAL{THREADS,
	AUTHOR	=	"Ajay Tirumala and Olivier Girous and Peter Nelson and Greg Diamos",
	TITLE	=	"Threads-are threads Functional Description, SM Branch ISA and Convergence Barrier Unit",
	NOTE	=	"",
	YEAR	=	"2015",
	MONTH	=	"JAN.",
}

@INPROCEEDINGS{DIVER,
	AUTHOR	=	"Santonu Sarkar and Sayantan Mitra",
	TITLE	=	"A Profile Guided Approach to Optimize Branch Divergence While Transforming
	Applications for GPUs",
	BOOKTITLE	=	"Proceedings of the 8th India Software Engineering Conference, ISEC
	2015, Bangalore, India, February 18-20, 2015",
	PAGES	=	"176--185",
	YEAR	=	"2015",
	DOI		=	"10.1145/2723742.2723760",
}

@INPROCEEDINGS{GPUFORML,
	AUTHOR	=	"Dave Steinkrau and Patrice Y. Simard and Ian Buck",
	TITLE	=	"Using GPUs for Machine Learning Algorithms",
	BOOKTITLE	=	"Eighth International Conference on Document Analysis and Recognition
	(ICDAR 2005), 29 August - 1 September 2005, Seoul, Korea",
	PAGES	=	"1115--1119",
	YEAR	=	"2005",
	DOI		=	"10.1109/ICDAR.2005.251",
}

@ARTICLE{KNNG,
	AUTHOR	=	"Ivan Komarov and Ali Dashti and Roshan D'Souza",
	TITLE	=	"Fast k-NNG construction with GPU-based quick
	multi-select",
	JOURNAL	=	"CoRR",
	VOLUME	=	"abs/1309.5478",
	YEAR	=	"2013",
}

@ARTICLE{SMOSVM,
	AUTHOR	=	"S. Sathiya Keerthi and Shirish K. Shevade and Chiranjib Bhattacharyya and K. R. K. Murthy",
	TITLE	=	"Improvements to Platt's SMO Algorithm for SVM Classifier Design",
	JOURNAL	=	"Neural Computation",
	VOLUME	=	"13",
	NUMBER	=	"3",
	PAGES	=	"637--649",
	YEAR	=	"2001",
	DOI		=	"10.1162/089976601300014493",
}

@INPROCEEDINGS{BAYESINF,
	AUTHOR	=	"Md. Vasimuddin and Sriram P. Chockalingam and Srinivas Aluru",
	TITLE	=	"A Parallel Algorithm for Bayesian Network Inference Using Arithmetic
	Circuits",
	BOOKTITLE	=	"2018 IEEE International Parallel and Distributed Processing Symposium,
	IPDPS 2018, Vancouver, BC, Canada, May 21-25, 2018",
	PAGES	=	"34--43",
	YEAR	=	"2018",
	DOI		=	"10.1109/IPDPS.2018.00014",
}

@ARTICLE{JAPANESSAY,
	AUTHOR	=	"福島　邦彦",
	TITLE	=	"位置ずれに影響されないパターン認識機構の神経回路モデル―ネオコグニトロン―",
	JOURNAL	=	"電子情報通信学会論文誌 A",
	VOLUME	=	"J62-A",
	NUMBER	=	"10",
	PAGES	=	"658--665",
	YEAR	=	"1979",
	MONTH	=	"OCT.",
}

@INPROCEEDINGS{RESNET,
	AUTHOR	=	"Kaiming He and Xiangyu Zhang and Shaoqing Ren and Jian Sun",
	TITLE	=	"Deep Residual Learning for Image Recognition",
	BOOKTITLE	=	"2016 IEEE Conference on Computer Vision and Pattern Recognition,
	CVPR 2016, Las Vegas, NV, USA, June 27-30, 2016",
	PAGES	=	"770--778",
	YEAR	=	"2016",
	DOI		=	"10.1109/CVPR.2016.90",
}

@INPROCEEDINGS{LENET,
	AUTHOR	=	"Yoshua Bengio and Yann LeCun and Donnie Henderson",
	TITLE	=	"Globally Trained Handwritten Word Recognizer Using Spatial Representation,
	Convolutional Neural Networks, and Hidden Markov Models",
	BOOKTITLE	=	"Advances in Neural Information Processing Systems 6, [7th NIPS Conference,
	Denver, Colorado, USA, 1993]",
	PAGES	=	"937--944",
	YEAR	=	"1993",
}

@ARTICLE{NNML,
	AUTHOR	=	"Nabil H. Farhat",
	TITLE	=	"Photonic Neural Networks and Learning Machines",
	JOURNAL	=	"IEEE Expert",
	VOLUME	=	"7",
	NUMBER	=	"5",
	PAGES	=	"63--72",
	YEAR	=	"1992",
	DOI		=	"10.1109/64.163674",
}

@INPROCEEDINGS{GPGPUSIM,
	author    = "Ali Bakhoda and George L. Yuan and Wilson W. L. Fung and Henry Wong and Tor M. Aamodt",
	title     = "Analyzing CUDA workloads using a detailed GPU simulator",
	booktitle = "IEEE International Symposium on Performance Analysis of Systems
	and Software, ISPASS 2009, April 26-28, 2009, Boston, Massachusetts,
	USA, Proceedings",
	pages     = "163--174",
	year      = "2009",
	doi       = "10.1109/ISPASS.2009.4919648",
}

@ARTICLE{GPGPUSIM2,
	author    = {Mahmoud Khairy and Akshay Jain and Tor M. Aamodt and Timothy G. Rogers},
	title     = {Exploring Modern {GPU} Memory System Design Challenges through Accurate
	Modeling},
	journal   = {CoRR},
	volume    = {abs/1810.07269},
	year      = {2018},
}

@MANUAL{NSIGHT,
	AUTHOR	=	"NVIDIA",
	TITLE	=	"NVIDIA Nsight Systems",
	NOTE	=	"",
	YEAR	=	"2019",
}

@MANUAL{DEEPBENCH,
	AUTHOR	=	"Sharan Narang and BAIDU",
	TITLE	=	"DeepBench",
	NOTE	=	"",
	YEAR	=	"2016",
	MONTH	=	"SEPT.",
}

@ARTICLE{MOBILE,
	author    = {Andrew G. Howard and Menglong Zhu and Bo Chen and Dmitry Kalenichenko and Weijun Wang and Tobias Weyand and Marco Andreetto and Hartwig Adam},
	title     = {MobileNets: Efficient Convolutional Neural Networks for Mobile Vision
	Applications},
	journal   = {CoRR},
	volume    = {abs/1704.04861},
	year      = {2017},
}

@MANUAL{PTX,
	AUTHOR	=	"NVIDIA",
	TITLE	=	"Parallel Thread Execution ISA Version 6.4",
	NOTE	=	"",
	YEAR	=	"2019",
	MONTH	=	"FEB.",
}

@MANUAL{TFBUILD,
	AUTHOR	=	"TensorFlow",
	TITLE	=	"Building TensorFlow from source",
	NOTE	=	"",
	YEAR	=	"2019",
	MONTH	=	"APR.",
}

@MANUAL{CUDAZONE,
	AUTHOR	=	"NVIDIA",
	TITLE	=	"CUDA Zone",
	NOTE	=	"",
	YEAR	=	"2019",
	MONTH	=	"",
}

@MANUAL{EVENEASIER,
	AUTHOR	=	"Mark Harris",
	TITLE	=	"An Even Easier Introduction to CUDA",
	NOTE	=	"",
	YEAR	=	"2017",
	MONTH	=	"JAN.",
}

@INPROCEEDINGS{STREAM,
	AUTHOR	=	"Hao Li and Anand Kumar and YiCheng Tu",
	TITLE	=	"Performance modeling in CUDA streams - A means for high-throughput
	data processing",
	BOOKTITLE	=	"2014 IEEE International Conference on Big Data, Big Data 2014, Washington,
	DC, USA, October 27-30, 2014",
	PAGES	=	"301--310",
	YEAR	=	"2014",
	DOI		=	"10.1109/BigData.2014.7004245",
}

@ARTICLE {FLYNN,
	AUTHOR	=	"Michael J. Flynn",
	TITLE	=	"Some Computer Organizations and Their Effectiveness",
	JOURNAL	=	"IEEE Trans. Computers",
	VOLUME	=	"21",
	NUMBER	=	"9",
	PAGES	=	"948--960",
	YEAR	=	"1972",
	DOI		=	"10.1109/TC.1972.5009071",
}

@MANUAL{10.0PATCH,
	AUTHOR	=	"NVIDIA",
	TITLE	=	"NVIDIA CUDA Toolkit v10.0.130 Release Notes",
	NOTE	=	"",
	YEAR	=	"2018",
	MONTH	=	"OCT.",
	URL		=	"https://docs.nvidia.com/cuda/archive/10.0/cuda-toolkit-release-notes/index.html",
}

@MANUAL{10.1PATCH,
	AUTHOR	=	"NVIDIA",
	TITLE	=	"NVIDIA CUDA Toolkit v10.1.105 Release Notes",
	NOTE	=	"",
	YEAR	=	"2019",
	MONTH	=	"MAR.",
	URL		=	"https://docs.nvidia.com/cuda/cuda-toolkit-release-notes/index.html",
}

@MANUAL{9.2PATCH,
	AUTHOR	=	"NVIDIA",
	TITLE	=	"NVIDIA CUDA Toolkit v9.2.148 Release Notes",
	NOTE	=	"",
	YEAR	=	"2018",
	MONTH	=	"AUG.",
	URL		=	"https://docs.nvidia.com/cuda/archive/9.2/cuda-toolkit-release-notes/index.html",
}

@inproceedings{PAGELOCK,
	author    = {S. Mukherji and
	A. Rami},
	title     = {Speeding Up the Computation of Cross-Correlation Using the FHT and
	FFT by Page-locking},
	booktitle = {{IEEE} International Geoscience {\&} Remote Sensing Symposium,
	{IGARSS} 2006, July 31 - August 4, 2006, Denver, Colorado, USA, Proceedings},
	pages     = {992--994},
	year      = {2006},
	doi       = {10.1109/IGARSS.2006.255},
}

@inproceedings{HIER,
	author    = {Minsoo Rhu and
	Michael B. Sullivan and
	Jingwen Leng and
	Mattan Erez},
	title     = {A locality-aware memory hierarchy for energy-efficient GPU architectures},
	booktitle = {The 46th Annual IEEE/ACM International Symposium on Microarchitecture,
	MICRO-46, Davis, CA, USA, December 7-11, 2013},
	pages     = {86--98},
	year      = {2013},
	doi       = {10.1145/2540708.2540717},
}

@MANUAL{NVPROF,
	AUTHOR		=	"NVIDIA",
	TITLE		=	"NVIDIA Profiler User's Guide",
	NOTE		=	"",
	YEAR		=	"2019",
	MONTH		=	"MAR.",
	URL			=	"https://docs.nvidia.com/cuda/profiler-users-guide/index.html",
}

@MANUAL{TENSORRT,
	AUTHOR		=	"NVIDIA",
	TITLE		=	"NVIDIA TensorRT, Programmable Inference Accelerator",
	NOTE		=	"",
	YEAR		=	"2019",
	MONTH		=	"MAR.",
	URL			=	"https://developer.nvidia.com/tensorrt",
}

@MANUAL{TENSORRTDOC,
	AUTHOR		=	"NVIDIA",
	TITLE		=	"Deep Learning SDK Documentation: What is TensorRT",
	NOTE		=	"",
	YEAR		=	"2018",
	MONTH		=	"DEC.",
	URL			=	"https://docs.nvidia.com/deeplearning/sdk/tensorrt-developer-guide/index.html",
}

@MANUAL{HMMA,
	AUTHOR		=	"Joel McCormark",
	TITLE		=	"Volta HMMA.884 instruction(s) and GEMM",
	NOTE		=	"",
	YEAR		=	"2019",
	MONTH		=	"MAR."
}

@MANUAL{AMPEREPOR,
	AUTHOR		=	"Mark Bezdany and Naveen Kumar",
	TITLE		=	"Ampere SM SCH POR",
	NOTE		=	"",
	YEAR		=	"2019",
	MONTH		=	"MAR.",
}

@MANUAL{2080TI,
	AUTHOR		=	"TECHPOWERUP",
	TITLE		=	"NVIDIA Geforce RTX 2080TI Specs",
	NOTE		=	"",
	YEAR		=	"2019",
	MONTH		=	"APR.",
	URL			=	"https://www.techpowerup.com/gpu-specs/geforce-rtx-2080-ti.c3305",
}

@MANUAL{ERICYUAN,
	AUTHOR		=	"Eric Yuan",
	TITLE		=	"Convolutional Neural Networks",
	NOTE		=	"",
	YEAR		=	"2014",
	MONTH		=	"MAR.",
}

@TechReport{SMO,
	author = {John Platt},
	title = {Sequential Minimal Optimization: A Fast Algorithm for Training Support Vector Machines},
	year = {1998},
	month = {April},
	url = {https://www.microsoft.com/en-us/research/publication/sequential-minimal-optimization-a-fast-algorithm-for-training-support-vector-machines/},
	pages = {21},
}

@inproceedings{SCALABLITY,
	author    = {Akhil Arunkumar and
	Evgeny Bolotin and
	Benjamin Cho and
	Ugljesa Milic and
	Eiman Ebrahimi and
	Oreste Villa and
	Aamer Jaleel and
	Carole{-}Jean Wu and
	David W. Nellans},
	title     = {{MCM-GPU:} Multi-Chip-Module GPUs for Continued Performance Scalability},
	booktitle = {Proceedings of the 44th Annual International Symposium on Computer
	Architecture, {ISCA} 2017, Toronto, ON, Canada, June 24-28, 2017},
	pages     = {320--332},
	year      = {2017},
	doi       = {10.1145/3079856.3080231},
}